@inproceedings{Zhong2018,
  title = {SemRegex: A Semantics-Based Approach for Generating Regular Expressions from Natural Language Specifications},
  url = {http://dx.doi.org/10.18653/v1/D18-1189},
  DOI = {10.18653/v1/d18-1189},
  booktitle = {Proceedings of the 2018 Conference on Empirical Methods in Natural Language Processing},
  publisher = {Association for Computational Linguistics},
  author = {Zhong,  Zexuan and Guo,  Jiaqi and Yang,  Wei and Peng,  Jian and Xie,  Tao and Lou,  Jian-Guang and Liu,  Ting and Zhang,  Dongmei},
  year = {2018},
  pages = {1608-1618}
}

@ARTICLE{Bartoli2016,
  author={Bartoli, Alberto and De Lorenzo, Andrea and Medvet, Eric and Tarlao, Fabiano},
  journal={IEEE Transactions on Knowledge and Data Engineering},
  title={Inference of Regular Expressions for Text Extraction from Examples},
  year={2016},
  volume={28},
  number={5},
  pages={1217-1230},
  keywords={Proposals;Data mining;Training data;Training;Complexity theory;Optimization;Electronic mail;Genetic Programming;Information extraction;Programming by examples;Multiobjective optimization;Heuristic search;Genetic programming;information extraction;programming by examples;multiobjective optimization;heuristic search},
  doi={10.1109/TKDE.2016.2515587}}

@ARTICLE{Bartoli2018,
  author={Bartoli, Alberto and De Lorenzo, Andrea and Medvet, Eric and Tarlao, Fabiano},
  journal={IEEE Transactions on Cybernetics},
  title={Active Learning of Regular Expressions for Entity Extraction},
  year={2018},
  volume={48},
  number={3},
  pages={1067-1080},
  keywords={Proposals;Data models;Genetic programming;Uncertainty;Cybernetics;Search problems;Learning systems;Automatic programming;evolutionary computation;genetic programming (GP);inference mechanisms;man machine systems;semisupervised learning;text processing},
  doi={10.1109/TCYB.2017.2680466}}

@article{Tariq2024,
  title = {Automatic regex synthesis methods for english: a comparative analysis},
  volume = {67},
  ISSN = {0219-3116},
  url = {http://dx.doi.org/10.1007/s10115-024-02232-1},
  DOI = {10.1007/s10115-024-02232-1},
  number = {2},
  journal = {Knowledge and Information Systems},
  publisher = {Springer Science and Business Media LLC},
  author = {Tariq,  Sadia and Rana,  Toqir Ahmad},
  year = {2024},
  month = oct,
  pages = {1013-1043}
}

@article{Williams1992,
  title = {Simple statistical gradient-following algorithms for connectionist reinforcement learning},
  volume = {8},
  ISSN = {1573-0565},
  url = {http://dx.doi.org/10.1007/BF00992696},
  DOI = {10.1007/bf00992696},
  number = {3-4},
  journal = {Machine Learning},
  publisher = {Springer Science and Business Media LLC},
  author = {Williams,  Ronald J.},
  year = {1992},
  month = may,
  pages = {229-256}
}

@article{Zhang2018,
  title = {Learning Structured Representation for Text Classification via Reinforcement Learning},
  volume = {32},
  ISSN = {2159-5399},
  url = {http://dx.doi.org/10.1609/aaai.v32i1.12047},
  DOI = {10.1609/aaai.v32i1.12047},
  number = {1},
  journal = {Proceedings of the AAAI Conference on Artificial Intelligence},
  publisher = {Association for the Advancement of Artificial Intelligence (AAAI)},
  author = {Zhang,  Tianyang and Huang,  Minlie and Zhao,  Li},
  year = {2018},
  month = apr
}
